@inproceedings{wolter2020neural,
  author={Wolter, Moritz and Lin, Shaohui and Yao, Angela},
  title={Neural Network compression via learnable wavelet transforms},
  booktitle={29th International Conference on Artificial Neural Networks},
  year = {2020}
}
